@book{incropera2008,
  title={Fundamentos de transfer{\^e}ncia de calor e de massa},
  author={Incropera, F.P.},
  isbn={9788521615842},
  url={https://books.google.com.br/books?id=UhUJfAEACAAJ},
  year={2008},
  publisher={LTC}
}
